@Book{xie2015,
  title = {Dynamic Documents with {R} and knitr},
  author = {Yihui Xie},
  publisher = {Chapman and Hall/CRC},
  address = {Boca Raton, Florida},
  year = {2015},
  edition = {2nd},
  note = {ISBN 978-1498716963},
  url = {http://yihui.name/knitr/},
}

@article{deep_ehr,
  title={Deep EHR: A Survey of Recent Advances on Deep Learning Techniques for Electronic Health Record (EHR) Analysis},
  author={Shickel, Benjamin and Tighe, Patrick and Bihorac, Azra and Rashidi, Parisa},
  journal={arXiv preprint arXiv:1706.03446},
  year={2017}
}

@inproceedings{dtw,
  title={Using dynamic time warping to find patterns in time series.},
  author={Berndt, Donald J and Clifford, James},
  booktitle={KDD workshop},
  volume={10},
  number={16},
  pages={359--370},
  year={1994},
  organization={Seattle, WA}
}


@inproceedings{wearable_atrial,
  title={Detecting Atrial Fibrillation using a Smart Watch - the mRhythm study},
  author={Jose M. Sanchez, MD, Brandon Ballinger, BS, Jeffrey E. Olgin, MD, FHRS, Mark J. Pletcher, MD, MPH, Eric Vittinghoff, PhD, Emily Lee, BA, Shannon Fan, BA, Nimit Sohoni, BS, Carlos Mikell, BS, Johnson Hsieh, MS, Rachel A. Gladstone, BA and Gregory M. Marcus, MD, FHRS.},
  booktitle={Heart Rhythm Scientific Sessions},
  year={2017},
  organization={Heart Rhythm Society}
}

@book{goodfellow_DL,
  title={Deep learning},
  author={Goodfellow, Ian and Bengio, Yoshua and Courville, Aaron},
  year={2016},
  publisher={MIT press}
}


@article{mcculloch_neuron,
  title={A logical calculus of the ideas immanent in nervous activity},
  author={McCulloch, Warren S and Pitts, Walter},
  journal={The bulletin of mathematical biophysics},
  volume={5},
  number={4},
  pages={115--133},
  year={1943},
  publisher={Springer}
}

@article{rosenblatt_perceptron,
  title={The perceptron: A probabilistic model for information storage and organization in the brain.},
  author={Rosenblatt, Frank},
  journal={Psychological review},
  volume={65},
  number={6},
  pages={386},
  year={1958},
  publisher={American Psychological Association}
}

@book{minsky_perceptrons,
  title={Perceptrons: An introduction to computational geometry},
  author={Minsky, Marvin and Papert, Seymour A and Bottou, L{\'e}on},
  year={1969},
  publisher={MIT press}
}

@article{backprop_1986,
  title={Learning representations by back-propagating errors},
  author={Rumelhart, David E and Hinton, Geoffrey E and Williams, Ronald J},
  journal={nature},
  volume={323},
  number={6088},
  pages={533--536},
  year={1986},
  publisher={Nature Publishing Group}
}

@inproceedings{imagenet_2012,
  title={Imagenet classification with deep convolutional neural networks},
  author={Krizhevsky, Alex and Sutskever, Ilya and Hinton, Geoffrey E},
  booktitle={Advances in neural information processing systems},
  pages={1097--1105},
  year={2012}
}

@article{evostrat,
author = {Salimans, Tim and Ho, Jonathan and Chen, Xi and Sidor, Szymon and Sutskever, Ilya},
title = {{Evolution Strategies as a Scalable Alternative to Reinforcement Learning}},
journal = {arXiv.org},
year = {2017},
eprint = {1703.03864v2},
eprinttype = {arxiv},
eprintclass = {stat.ML},
month = mar
}

@article{momentum,
  author = {Goh, Gabriel},
  title = {Why Momentum Really Works},
  journal = {Distill},
  year = {2017},
  url = {http://distill.pub/2017/momentum},
  doi = {10.23915/distill.00006}
}

@article{dilated_convolutions,
  title={Multi-scale context aggregation by dilated convolutions},
  author={Yu, Fisher and Koltun, Vladlen},
  journal={arXiv preprint arXiv:1511.07122},
  year={2015}
}

@inproceedings{relu_paper,
  title={Rectified linear units improve restricted boltzmann machines},
  author={Nair, Vinod and Hinton, Geoffrey E},
  booktitle={Proceedings of the 27th international conference on machine learning (ICML-10)},
  pages={807--814},
  year={2010}
}

@article{universal_approximators,
  title={Multilayer feedforward networks are universal approximators},
  author={Hornik, Kurt and Stinchcombe, Maxwell and White, Halbert},
  journal={Neural networks},
  volume={2},
  number={5},
  pages={359--366},
  year={1989},
  publisher={Elsevier}
}

@article{rnn_intro,
  title={A learning algorithm for continually running fully recurrent neural networks},
  author={Williams, Ronald J and Zipser, David},
  journal={Neural computation},
  volume={1},
  number={2},
  pages={270--280},
  year={1989},
  publisher={MIT Press}
}

@article{cnn_intro,
  title={Generalization and network design strategies},
  author={LeCun, Yann and others},
  journal={Connectionism in perspective},
  pages={143--155},
  year={1989},
  publisher={Zurich, Switzerland: Elsevier}
}

@article{cnn_cont,
  title={Convolutional networks for images, speech, and time series},
  author={LeCun, Yann and Bengio, Yoshua and others},
  journal={The handbook of brain theory and neural networks},
  volume={3361},
  number={10},
  pages={1995},
  year={1995}
}


@article{rnn_captions,
  title={Deep captioning with multimodal recurrent neural networks (m-rnn)},
  author={Mao, Junhua and Xu, Wei and Yang, Yi and Wang, Jiang and Huang, Zhiheng and Yuille, Alan},
  journal={arXiv preprint arXiv:1412.6632},
  year={2014}
}


@article{google_translate,
  title={Google's neural machine translation system: Bridging the gap between human and machine translation},
  author={Wu, Yonghui and Schuster, Mike and Chen, Zhifeng and Le, Quoc V and Norouzi, Mohammad and Macherey, Wolfgang and Krikun, Maxim and Cao, Yuan and Gao, Qin and Macherey, Klaus and others},
  journal={arXiv preprint arXiv:1609.08144},
  year={2016}
}


@article{rnn_regression,
  title={Time series prediction with recurrent neural networks trained by a hybrid PSO--EA algorithm},
  author={Cai, Xindi and Zhang, Nian and Venayagamoorthy, Ganesh K and Wunsch, Donald C},
  journal={Neurocomputing},
  volume={70},
  number={13},
  pages={2342--2353},
  year={2007},
  publisher={Elsevier}
}

@inproceedings{rnn_speach,
  title={Speech recognition with deep recurrent neural networks},
  author={Graves, Alex and Mohamed, Abdel-rahman and Hinton, Geoffrey},
  booktitle={Acoustics, speech and signal processing (icassp), 2013 ieee international conference on},
  pages={6645--6649},
  year={2013},
  organization={IEEE}
}

@inproceedings{rnn_handwriting,
  title={Unconstrained on-line handwriting recognition with recurrent neural networks},
  author={Graves, Alex and Liwicki, Marcus and Bunke, Horst and Schmidhuber, J{\"u}rgen and Fern{\'a}ndez, Santiago},
  booktitle={Advances in Neural Information Processing Systems},
  pages={577--584},
  year={2008}
}

@inproceedings{word2vec,
  title={Distributed representations of words and phrases and their compositionality},
  author={Mikolov, Tomas and Sutskever, Ilya and Chen, Kai and Corrado, Greg S and Dean, Jeff},
  booktitle={Advances in neural information processing systems},
  pages={3111--3119},
  year={2013}
}

@misc{vanishing_gradient,
  title={Gradient flow in recurrent nets: the difficulty of learning long-term dependencies},
  author={Hochreiter, Sepp and Bengio, Yoshua and Frasconi, Paolo and Schmidhuber, J{\"u}rgen and others},
  year={2001},
  publisher={A field guide to dynamical recurrent neural networks. IEEE Press}
}

@inproceedings{bengio_gradient,
  title={Credit assignment through time: Alternatives to backpropagation},
  author={Bengio, Yoshua and Frasconi, Paolo},
  booktitle={Advances in Neural Information Processing Systems},
  pages={75--82},
  year={1994}
}

@book{graves_rnn,
  title={Supervised sequence labelling with recurrent neural networks},
  author={Graves, Alex and others},
  volume={385},
  year={2012},
  publisher={Springer}
}

@inproceedings{accelerometer_activity,
  title={Activity recognition from accelerometer data},
  author={Ravi, Nishkam and Dandekar, Nikhil and Mysore, Preetham and Littman, Michael L},
  booktitle={Aaai},
  volume={5},
  number={2005},
  pages={1541--1546},
  year={2005}
}


@article{bounded_gradient_rnn,
  title={RANDOM WALKS: TRAINING VERY DEEP NONLIN-EAR FEED-FORWARD NETWORKS WITH SMART INI},
  author={Sussillo, David},
  journal={arXiv preprint arXiv},
  volume={1412},
  year={2014}
}

@techreport{skip_connections,
  title={Learning long-term dependencies is not as difficult with NARX recurrent neural networks},
  author={Lin, Tsungnan and Horne, Bill G and Tino, Peter and Giles, C Lee},
  year={1998}
}

@article{lstm_intro,
  title={Long short-term memory},
  author={Hochreiter, Sepp and Schmidhuber, J{\"u}rgen},
  journal={Neural computation},
  volume={9},
  number={8},
  pages={1735--1780},
  year={1997},
  publisher={MIT Press}
}

@article{gru_intro,
  title={On the properties of neural machine translation: Encoder-decoder approaches},
  author={Cho, Kyunghyun and Van Merri{\"e}nboer, Bart and Bahdanau, Dzmitry and Bengio, Yoshua},
  journal={arXiv preprint arXiv:1409.1259},
  year={2014}
}

@article{rnn_survey,
author = {Melis, G{\'a}bor and Dyer, Chris and Blunsom, Phil},
title = {{On the State of the Art of Evaluation in Neural Language Models}},
journal = {arXiv.org},
year = {2017},
eprint = {1707.05589v2},
eprinttype = {arxiv},
eprintclass = {cs.CL},
month = jul
}

@article{hinton_cnn,
  title={Phoneme recognition using time-delay neural networks},
  author={Waibel, Alex and Hanazawa, Toshiyuki and Hinton, Geoffrey and Shikano, Kiyohiro and Lang, Kevin J},
  journal={IEEE transactions on acoustics, speech, and signal processing},
  volume={37},
  number={3},
  pages={328--339},
  year={1989},
  publisher={IEEE}
}

@article{cnn_vis,
  author = {Olah, Chris and Mordvintsev, Alexander and Schubert, Ludwig},
  title = {Feature Visualization},
  journal = {Distill},
  year = {2017},
  note = {https://distill.pub/2017/feature-visualization},
  doi = {10.23915/distill.00007}
}
@article{trunc_bptt,
  title={An efficient gradient-based algorithm for on-line training of recurrent network trajectories},
  author={Williams, Ronald J and Peng, Jing},
  journal={Neural computation},
  volume={2},
  number={4},
  pages={490--501},
  year={1990},
  publisher={MIT Press}
}

@article{cnn_animals,
  title={Deep networks can resemble human feed-forward vision in invariant object recognition},
  author={Kheradpisheh, Saeed Reza and Ghodrati, Masoud and Ganjtabesh, Mohammad and Masquelier, Timoth{\'e}e},
  journal={Scientific reports},
  volume={6},
  pages={32672},
  year={2016},
  publisher={Nature Publishing Group}
}

@inproceedings{capsnet,
  title={Dynamic Routing Between Capsules},
  author={Sabour, Sara and Frosst, Nicholas and Hinton, Geoffrey E},
  booktitle={Advances in Neural Information Processing Systems},
  pages={3857--3867},
  year={2017}
}

 @InProceedings{googlenet,
author = {Szegedy, Christian and Liu, Wei and Jia, Yangqing and Sermanet, Pierre and Reed, Scott and Anguelov, Dragomir and Erhan, Dumitru and Vanhoucke, Vincent and Rabinovich, Andrew},
title = {Going Deeper With Convolutions},
booktitle = {The IEEE Conference on Computer Vision and Pattern Recognition (CVPR)},
month = {June},
year = {2015}
}

@article{vggnet,
  title={Very deep convolutional networks for large-scale image recognition},
  author={Simonyan, Karen and Zisserman, Andrew},
  journal={arXiv preprint arXiv:1409.1556},
  year={2014}
}

@book{rms,
  title={Regression modeling strategies: with applications to linear models, logistic and ordinal regression, and survival analysis},
  author={Harrell Jr, Frank E},
  year={2015},
  publisher={Springer}
}

@article{squeezenet,
  title={SqueezeNet: AlexNet-level accuracy with 50x fewer parameters and< 0.5 MB model size},
  author={Iandola, Forrest N and Han, Song and Moskewicz, Matthew W and Ashraf, Khalid and Dally, William J and Keutzer, Kurt},
  journal={arXiv preprint arXiv:1602.07360},
  year={2016}
}

@article{sparsenets,
author = {Louizos, Christos and Welling, Max and Kingma, Diederik P},
title = {{Learning Sparse Neural Networks through L$_{0}$ Regularization}},
journal = {arXiv.org},
year = {2017},
eprint = {1712.01312v1},
eprinttype = {arxiv},
eprintclass = {stat.ML},
month = dec
}

@inproceedings{gans,
  title={Generative adversarial nets},
  author={Goodfellow, Ian and Pouget-Abadie, Jean and Mirza, Mehdi and Xu, Bing and Warde-Farley, David and Ozair, Sherjil and Courville, Aaron and Bengio, Yoshua},
  booktitle={Advances in neural information processing systems},
  pages={2672--2680},
  year={2014}
}

@article{progressive_gans,
  title={Progressive growing of gans for improved quality, stability, and variation},
  author={Karras, Tero and Aila, Timo and Laine, Samuli and Lehtinen, Jaakko},
  journal={arXiv preprint arXiv:1710.10196},
  year={2017}
}
@article{medical_gans,
  title={Real-valued (Medical) Time Series Generation with Recurrent Conditional GANs},
  author={Esteban, Crist{\'o}bal and Hyland, Stephanie L and R{\"a}tsch, Gunnar},
  journal={arXiv preprint arXiv:1706.02633},
  year={2017}
}
@article{bayesnets,
  title={Weight uncertainty in neural networks},
  author={Blundell, Charles and Cornebise, Julien and Kavukcuoglu, Koray and Wierstra, Daan},
  journal={arXiv preprint arXiv:1505.05424},
  year={2015}
}
@article{dropout,
  title={Dropout: a simple way to prevent neural networks from overfitting.},
  author={Srivastava, Nitish and Hinton, Geoffrey E and Krizhevsky, Alex and Sutskever, Ilya and Salakhutdinov, Ruslan},
  journal={Journal of machine learning research},
  volume={15},
  number={1},
  pages={1929--1958},
  year={2014}
}
@article{attention,
  title={A neural attention model for abstractive sentence summarization},
  author={Rush, Alexander M and Chopra, Sumit and Weston, Jason},
  journal={arXiv preprint arXiv:1509.00685},
  year={2015}
}

@article{variational_autoencoders,
  title={Auto-encoding variational bayes},
  author={Kingma, Diederik P and Welling, Max},
  journal={arXiv preprint arXiv:1312.6114},
  year={2013}
}

@article{semi_supervised,
  title={Semi-supervised learning literature survey},
  author={Zhu, Xiaojin},
  year={2005},
  publisher={Citeseer}
}

